<record xmlns="http://www.loc.gov/MARC21/slim" xmlns:xsi="http://www.w3.org/2001/XMLSchema-instance" xsi:schemaLocation="http://www.loc.gov/MARC21/slim http://www.loc.gov/standards/marcxml/schema/MARC21slim.xsd"><leader>01775nam a2200349   4500</leader><controlfield tag="001">002297940</controlfield><controlfield tag="003">NNU</controlfield><controlfield tag="006">m        d        </controlfield><controlfield tag="007">cr cn |||m|||a</controlfield><controlfield tag="008">150116s1931    ua      ob    001 0 ara d</controlfield><datafield ind1=" " ind2=" " tag="040"><subfield code="a">NNU</subfield><subfield code="b">eng</subfield><subfield code="c">NNU</subfield></datafield><datafield ind1=" " ind2=" " tag="066"><subfield code="c">(3</subfield></datafield><datafield ind1=" " ind2=" " tag="090"><subfield code="a">BJ1291</subfield><subfield code="b">.J325 1931</subfield></datafield><datafield ind1="1" ind2=" " tag="100"><subfield code="6">880-01</subfield><subfield code="a">Shams al-Khil&#257;fah, Ja&#699;far ibn Mu&#7717;ammad,</subfield><subfield code="d">1148-1225</subfield></datafield><datafield ind1="1" ind2="0" tag="245"><subfield code="6">880-02</subfield><subfield code="a">Kit&#257;b al-&#256;d&#257;b</subfield><subfield code="h">[electronic resource] /</subfield><subfield code="c">li-Ja&#699;far ibn Shams al-Khil&#257;fah Majd al-Mulk ; &#699;uniya bi-ta&#7779;&#7717;&#299;&#7717;ih&#299; wa-&#7693;ab&#7789; alf&#257;&#7827;i-h&#299; wa-tafs&#299;rih&#257; Mu&#7717;ammad Am&#299;n al-Kh&#257;nj&#299;.</subfield></datafield><datafield ind1=" " ind2=" " tag="250"><subfield code="6">880-03</subfield><subfield code="a">al-&#7788;ab&#699;ah 2.</subfield></datafield><datafield ind1=" " ind2=" " tag="260"><subfield code="6">880-04</subfield><subfield code="a">Cairo :</subfield><subfield code="b">Maktabat al-Kh&#257;nj&#299;,</subfield><subfield code="c">1931.</subfield></datafield><datafield ind1=" " ind2=" " tag="300"><subfield code="a">online resource (16, 158 p.)</subfield></datafield><datafield ind1=" " ind2=" " tag="500"><subfield code="a">Part of the Arabic Collections Online (ACO) project, contributed by New York Univeristy Libraries.</subfield></datafield><datafield ind1=" " ind2=" " tag="504"><subfield code="a">Includes bibliographical references and index.</subfield></datafield><datafield ind1=" " ind2=" " tag="533"><subfield code="a">Electronic reproduction.</subfield><subfield code="b">New York, N.Y. :</subfield><subfield code="c">New York University,</subfield><subfield code="d">2015.</subfield><subfield code="5">NNU</subfield></datafield><datafield ind1=" " ind2="0" tag="650"><subfield code="a">Islamic ethics.</subfield></datafield><datafield ind1="2" ind2=" " tag="710"><subfield code="a">New York University.</subfield><subfield code="b">Libraries.</subfield></datafield><datafield ind1="0" ind2=" " tag="730"><subfield code="a">Arabic Collections Online.</subfield></datafield><datafield ind1="0" ind2="8" tag="776"><subfield code="i">Print version:</subfield><subfield code="a">Shams al-Khil&#257;fah, Ja&#699;far ibn Mu&#7717;ammad, 1148-1225 880-01</subfield><subfield code="t">Kit&#257;b al-&#256;d&#257;b</subfield><subfield code="w">(NNU)002297940</subfield></datafield><datafield ind1="4" ind2="0" tag="856"><subfield code="u">http://hdl.handle.net/2333.1/ns1rnc2d</subfield></datafield><datafield ind1="0" ind2=" " tag="880"><subfield code="6">100-01/</subfield><subfield code="a">&#1580;&#1593;&#1601;&#1585; &#1576;&#1606; &#1588;&#1605;&#1587; &#1575;&#1604;&#1582;&#1604;&#1575;&#1601;&#1577; &#1605;&#1580;&#1583; &#1575;&#1604;&#1605;&#1604;&#1603;.</subfield></datafield><datafield ind1="0" ind2="0" tag="880"><subfield code="6">245-02/</subfield><subfield code="a">&#1603;&#1578;&#1575;&#1576; &#1575;&#1604;&#1570;&#1583;&#1575;&#1576; /</subfield><subfield code="c">&#1604;&#1580;&#1593;&#1601;&#1585; &#1576;&#1606; &#1588;&#1605;&#1587; &#1575;&#1604;&#1582;&#1604;&#1575;&#1601;&#1577; &#1605;&#1580;&#1583; &#1575;&#1604;&#1605;&#1604;&#1603; &#1563; &#1593;&#1606;&#1609; &#1576;&#1578;&#1589;&#1581;&#1610;&#1581;&#1607; &#1608;&#1590;&#1576;&#1591; &#1571;&#1604;&#1601;&#1575;&#1592;&#1607; &#1608;&#1578;&#1601;&#1587;&#1610;&#1585;&#1607;&#1575; &#1605;&#1581;&#1605;&#1583; &#1571;&#1605;&#1610;&#1606; &#1575;&#1604;&#1582;&#1575;&#1606;&#1580;&#1610;.</subfield></datafield><datafield ind1=" " ind2=" " tag="880"><subfield code="6">250-03/</subfield><subfield code="a">&#1575;&#1604;&#1591;&#1576;&#1593;&#1577; &#1634;.</subfield></datafield><datafield ind1=" " ind2=" " tag="880"><subfield code="6">260-04/</subfield><subfield code="a">&#1575;&#1604;&#1602;&#1575;&#1607;&#1585;&#1577; :</subfield><subfield code="b">&#1605;&#1603;&#1578;&#1576;&#1577; &#1575;&#1604;&#1582;&#1575;&#1606;&#1580;&#1610;&#1548;</subfield><subfield code="c">&#1633;&#1641;&#1635;&#1633;.</subfield></datafield><datafield ind1=" " ind2=" " tag="959"><subfield code="a">NNU</subfield><subfield code="b">WEB</subfield><subfield code="c">GENI</subfield><subfield code="t">0</subfield><subfield code="m">Electronic access</subfield><subfield code="s">01</subfield></datafield><datafield ind1=" " ind2=" " tag="999"><subfield code="i">NNU_002297940</subfield><subfield code="o" /></datafield></record>